@online{leyenda,
	Michin Puebla ES. “La leyenda del axolote mexicano, un dios que se negó a morir – Acuario Michin Puebla”. Acuario Michin Puebla. Accedido el 5 de junio de 2025. [En línea]. Disponible: https://puebla-es.acuariomichin.com/la-leyenda-del-axolote-mexicano-un-dios-que-se-nego-a-morir/
}

@online{axolote,
National Geographic. “Axolote mexicano, datos esenciales de un animal Ãºnico | National Geographic”. National Geographic EspaÃ±a | National Geographic. Accedido el 5 de junio de 2025. [En línea]. Disponible: https://www.nationalgeographic.es/animales/axolote-mexicano
}